<?xml version="1.0" encoding="UTF-8"?><collection xmlns="http://www.loc.gov/MARC21/slim"><record><leader>00431nam--2200169-u-4500</leader><controlfield tag="001">000051809</controlfield><controlfield tag="002">20161230</controlfield><controlfield tag="005">20161230201049</controlfield><controlfield tag="008">081024s1000------------r-----000-0-eng-d</controlfield><datafield ind1=" " ind2=" " tag="040"><subfield code="a">IFIN-HH</subfield></datafield><datafield ind1=" " ind2=" " tag="080"><subfield code="a">517.43</subfield></datafield><datafield ind1="1" ind2=" " tag="100"><subfield code="a">Rug,M. i Saimon,B</subfield></datafield><datafield ind1="1" ind2="0" tag="245"><subfield code="a">Metody Sovremennoi Matematicheskkoi Fiziki. Analiz Operatorov</subfield></datafield><datafield ind1=" " ind2=" " tag="260"><subfield code="a">Moskva</subfield><subfield code="b">Mir</subfield><subfield code="c">1982</subfield></datafield><datafield ind1=" " ind2=" " tag="490"><subfield code="v">vol.4</subfield></datafield><datafield ind1=" " ind2=" " tag="852"><subfield code="a">45196</subfield><subfield code="c">517.9</subfield></datafield><datafield ind1=" " ind2=" " tag="CAT"><subfield code="a">Sys</subfield><subfield code="c">20081024</subfield><subfield code="h">095737</subfield></datafield></record></collection>